<record><leader>00000cas a22000007a 4500</leader><controlfield tag="001">28405489</controlfield><controlfield tag="008">930709d188u1uuucauwr ne      0    0eng d</controlfield><datafield ind1=" " ind2=" " tag="010"><subfield code="a">sn 93051068 </subfield></datafield><datafield ind1=" " ind2=" " tag="040"><subfield code="a">CUY</subfield><subfield code="b">eng</subfield><subfield code="c">CNK</subfield><subfield code="d">OCLCQ</subfield></datafield><datafield ind1=" " ind2=" " tag="042"><subfield code="a">msc</subfield></datafield><datafield ind1="0" ind2="0" tag="245"><subfield code="a">Sierra tribune.</subfield></datafield><datafield ind1="1" ind2="3" tag="246"><subfield code="a">Sierra County tribune</subfield></datafield><datafield ind1=" " ind2=" " tag="260"><subfield code="a">Sierra City, Calif. :</subfield><subfield code="b">T.D. Calkins</subfield></datafield><datafield ind1=" " ind2=" " tag="300"><subfield code="a">v.</subfield></datafield><datafield ind1=" " ind2=" " tag="310"><subfield code="a">Weekly</subfield></datafield><datafield ind1=" " ind2=" " tag="588"><subfield code="a">Description based on: Vol. 7, no. 7 (Dec. 30, 1887).</subfield></datafield><datafield ind1=" " ind2="4" tag="651"><subfield code="a">Sierra County (Calif.)</subfield><subfield code="v">Newspapers.</subfield></datafield><datafield ind1=" " ind2=" " tag="752"><subfield code="a">United States</subfield><subfield code="b">California</subfield><subfield code="c">Sierra</subfield><subfield code="d">Sierra City.</subfield></datafield><datafield ind1="1" ind2=" " tag="029"><subfield code="a">AU@</subfield><subfield code="b">000025892488</subfield></datafield></record>